%
% This is file `coppe.bib'.
%
% Bibliographic references for the documentation.
%
% Copyright (C) 2011 CoppeTeX Project and any individual authors listed
% elsewhere in this file.
%
% This program is free software; you can redistribute it and/or modify
% it under the terms of the GNU General Public License version 3 as
% published by the Free Software Foundation.
%
% This program is distributed in the hope that it will be useful,
% but WITHOUT ANY WARRANTY; without even the implied warranty of
% MERCHANTABILITY or FITNESS FOR A PARTICULAR PURPOSE. See the
% GNU General Public License version 3 for more details.
%
% You should have received a copy of the GNU General Public License
% version 3 along with this package (see COPYING file).
% If not, see <http://www.gnu.org/licenses/>.
%
% $URL: https://coppetex.svn.sourceforge.net/svnroot/coppetex/trunk/coppe.bib $
% $Id: coppe.bib 118 2008-10-18 14:17:06Z helano $
%
% Author(s): Vicente H. F. Batista
%            George O. Ainsworth Jr.
%


% book{book-example,
%   author    = {R. Abraham and J. E. Marsden and T. Ratiu},
%   title     = {Manifolds, Tensor Analysis, and Applications},
%   edition   = {2},
%   address   = {New York},
%   publisher = {Springer-Verlag},
%   year      = {1988}
% }
% 
% article{article-example,
%   author  = {D. Iesan},
%   title   = {Existence Theorems in the Theory of Mixtures},
%   journal = {Journal of Elasticity},
%   volume  = {42},
%   number  = {2},
%   pages   = {145--163},
%   month   = feb,
%   year    = 1996
% }
% 
% techreport{techreport-exampleIn,
%   author      = {D. A. Garret},
%   title       = {The Microscopic Detection of Corrosion in Aluminum Aircraft Structures with Thermal Neutron Beams and Film Imaging Methods},
%   type        = {In: Report},
%   number      = {NBSIR 78-1434},
%   institution = {National Bureau of Standards},
%   address     = {Washington, D.C.},
%   year        = {1977}
% }
% 
% techreport{techreport-example,
%   author      = {L. Maestrello},
%   title       = {Two-Point Correlations of Sound Pressure in the Far Field of a Jet: Experiment},
%   type        = {{NASA}},
%   number      = {{TM}~{X}-72835},
%   institution = {NASA},
%   year        = 1976
% }
% 
% inproceedings{inproceedings-example,
%   author    = {M. E. Gurtin},
%   title     = {On the nonlinear theory of elasticity},
%   booktitle = {Proceedings of the International Symposium on Continuum Mechanics and Partial Differential Equations: Contemporary Developments in Continuum Mechanics and Partial Differential Equations},
%   pages     = {237-253},
%   address   = {Rio de Janeiro},
%   month     = aug,
%   year      = 1977
% }
% 
% 
% incollection{incollection-example,
%   author    = {S. C. Cowin},
%   title     = {Adaptive Anisotropy: An Example in Living Bone},
%   booktitle = {Non-Classical Continuum Mechanics},
%   series    = {London Mathematical Society Lecture Note Series},
%   volume    = {122},
%   publisher = {Cambridge University Press},
%   pages     = {174--186},
%   address   = {Cambridge, UK},
%   year      = 1987
% }
% 
% inbook{inbook-example,
%   author    = {D. K. Edwards},
%   title     = {Thermal Radiation Measurements},
%   address   = {New York, USA},
%   booktitle = {Measurements in Heat Transfer},
%   publisher = {Hemisphere Publishing Corporation},
%   edition   = 2,
%   year      = {1976},
%   chapter   = {10}
% }
% 
% phdthesis{phdthesis-example,
%   author  = {Paes~Junior, H. R.},
%   title   = {Influ{\^e}ncia da Espessura da Camada Intr{\'i}nseca e Energia do Foton na Degrada{\c c}\~ao de C{\'e}lulas Solares de Sil{\'i}cio Amorfo Hidrogenado},
%   school  = {COPPE/UFRJ},
%   address = {Rio de Janeiro, RJ, Brasil},
%   type    = {Tese de {D.Sc.}},
%   year    = 1994
% }

%% ---------------------------------------------------------------- %%

@mastersthesis{franca:2010,
  author  = {Monteiro, B. F.},
  title   = {SATyrus2: Compilando Especifica{\c c}{\~ o}es de Racioc{\' i}nio L{\' o}gico},
  school  = {Universidade Federal do Rio de Janeiro, COPPE},
  type    = {{Ms.c.} dissertation},
  address = {Rio de Janeiro},
  year    = {2010}
}

@book{aho:1986,
  author    = {A. Aho e J. Ullman},
  title     = {Compiladores: Princípios, Técnicas e Ferramentas},
  edition   = {2},
  address   = {New York},
  publisher = {Springer-Verlag},
  year      = {1986}
}

@article{boros:2002,
  title    = {Pseudo-Boolean optimization},
  journal  = {Discrete Applied Mathematics},
  volume   = {123},
  number   = {1},
  pages    = {155-225},
  year     = {2002},
  issn     = {0166-218X},
  doi      = {https://doi.org/10.1016/S0166-218X(01)00341-9},
  url      = {https://www.sciencedirect.com/science/article/pii/S0166218X01003419},
  author   = {Endre Boros and Peter L. Hammer},
  abstract = {This survey examines the state of the art of a variety of problems related to pseudo-Boolean optimization, i.e. to the optimization of set functions represented by closed algebraic expressions. The main parts of the survey examine general pseudo-Boolean optimization, the specially important case of quadratic pseudo-Boolean optimization (to which every pseudo-Boolean optimization can be reduced), several other important special classes, and approximation algorithms.}
}